@inproceedings{xu2015show,
  title={Show, attend and tell: Neural image caption generation with visual attention},
  author={Xu, Kelvin and Ba, Jimmy and Kiros, Ryan and Cho, Kyunghyun and Courville, Aaron and Salakhudinov, Ruslan and Zemel, Rich and Bengio, Yoshua},
  booktitle={International conference on machine learning},
  pages={2048--2057},
  year={2015}
}
@article{lecun2015deep,
  title={Deep learning},
  author={LeCun, Yann and Bengio, Yoshua and Hinton, Geoffrey},
  journal={nature},
  volume={521},
  number={7553},
  pages={436--444},
  year={2015},
  publisher={Nature Publishing Group}
}
@article{jensen2024recurrent,
  title={A recurrent network model of planning explains hippocampal replay and human behavior},
  author={Jensen, Kristopher T and Hennequin, Guillaume and Mattar, Marcelo G},
  journal={Nature Neuroscience},
  volume={27},
  number={7},
  pages={1340--1348},
  year={2024},
  publisher={Nature Publishing Group},
  doi={10.1038/s41593-024-01675-7}
}