% Encoding: UTF-8

@STRING{CGF = {Computer Graphics Forum}}
@STRING{CGF_EG = {Computer Graphics Forum (Proc. Eurographics)}}
@STRING{CGF_SGP = {Computer Graphics Forum (Proc. Eurographics Symp. on Geometry Processing)}}
@STRING{CRV = {Proc. Canadian Conf. on Computer \& Robot Vision}}
@STRING{CVPR = {Proc. IEEE/CVF Conf. on Computer Vision \& Pattern Recognition}}
@STRING{ECCV = {Proc. Euro. Conf. on Computer Vision}}
@STRING{ECCVWS = {Proc. Euro. Conf. on Computer Vision Workshops}}
@STRING{EG = {Proc. Eurographics}}
@STRING{FGR = {Proc. IEEE Conf. Automatic Face \& Gesture Recognition}}
@STRING{ICASSP = {Proc. Int. Conf. on Acoustics, Speech \& Signal Processing}}
@STRING{ICCV = {Proc. Int. Conf. on Computer Vision}}
@STRING{ICPR = {Proc. IEEE Int. Conf. on Pattern Recognition}}
@STRING{ICRA = {Proc. IEEE Int. Conf. on Robotics \& Automation}}
@STRING{IJCV = {Int. J. Computer Vision}}
@STRING{IROS = {Proc. IEEE Int. Conf. on Intelligent Robots \& Systems}}
@STRING{CoRL = {Proc. Conf. on Robot Learning}}
@STRING{VIS = {Proc. IEEE Int. Conf. on Visualization}}
@STRING{PAMI = {IEEE Trans. Pattern Analysis \& Machine Intelligence }}
@STRING{PG = {Proc. Pacific Conf. on Computer Graphics \& Applications}}
@STRING{CGF_PG = {Computer Graphics Forum (Proc. Pacific Conf. on Computer Graphics \& Applications)}}
@STRING{SGP = {Proc. Eurographics Symp. on Geometry Processing}}
@STRING{ISMAR = {Proc. IEEE Int. Symp. on Mixed and augmented reality}}
@STRING{SIGGRAPH = {Proc. SIGGRAPH}}
@STRING{SMI = {Proc. IEEE Int. Conf. on Shape Modeling \& Applications}}
@STRING{PVT = {Proc. IEEE Int. Conf. on 3D Data Processing, Visualization and Transmission}}
@STRING{TIP = {IEEE Trans. on Image Processing}}
@STRING{TOG = {ACM Trans. on Graphics}}
@STRING{TOG_SIG = {ACM Trans. on Graphics (Proc. SIGGRAPH)}}
@STRING{TOG_SIGA = {ACM Trans. on Graphics (Proc. SIGGRAPH Asia)}}  
@STRING{TVC = {The Visual Computer}}
@STRING{TVCG = {IEEE Trans. Visualization \& Computer Graphics}}
@STRING{IJCAI = {Proc. Int. Joint Conf. on Artificial Intelligence}}
@STRING{EMMcvpr = {Proc. Int. Conf. on Energy Minimization Methods in Computer Vision and Pattern Recognition}}
@STRING{AAAI= {Proc. AAAI Conf. on Artificial Intelligence}}
@STRING{NIPS = {Proc. Conf. on Neural Information Processing Systems}}
@STRING{ITR = {IEEE Trans. on Robotics}}
@STRING{IRAL = {IEEE Robotics and Automation Letters}}
@STRING{RSS = {Proc. Robotics: Science and Systems}}
@STRING{ISPRS = {ISPRS J. Photogrammetry and Remote Sensing}}
@STRING{DV = {Int. Conf. on 3D Vision}}
@STRING{Commun = {Commun. ACM}}
@STRING{ICLR = {Proc. Int. Conf. on Learning Representations}}
@STRING{MM = {Proc. ACM Int. Conf. on Multimedia}}
@STRING{BMVC = {Proc. British Machine Vision Conf.}}
@STRING{CVPRW = {Proc. IEEE/CVF Conf. on Computer Vision \& Pattern Recognition Workshops}}

@article{liu_2024_brep,
title={{Split-and-Fit: Learning B-Reps via Structure-aware Voronoi Partitioning}},
author={Yilin Liu and Jiale Chen and Shanshan Pan and Daniel Cohen-Or and Hao Zhang and Hui Huang},
journal=TOG_SIG,
volume={43},
number={4},
pages={108:1--108:13},
year={2024},
}

@article{Fischer_Nigbur_Klein_Danielmeier_Ullsperger_2018,
  author        = "Adrian G. Fischer and Roland Nigbur and Tilmann A. Klein and Claudia Danielmeier and Markus Ullsperger",
  title         = "Cortical beta power reflects decision dynamics and uncovers multiple facets of post-error adaptation",
  journal       = "Nature Communications",
  volume        = "9",
  number        = "1",
  month         = nov,
  year          = "2018",
  pages         = "5038",
  ISSN          = "2041-1723",
  DOI           = "10.1038/s41467-018-07456-8",
  language      = "en"
}

@article{Froemer_Lin_Dean_Wolf_Inzlicht_Shenhav_2021,
  author        = "R. Froemer and H. Lin and C. K. Dean Wolf and M. Inzlicht and A. Shenhav",
  title         = "Expectations of reward and efficacy guide cognitive control allocation",
  journal       = "Nature Communications",
  volume        = "12",
  number        = "1",
  month         = feb,
  year          = "2021",
  pages         = "1030",
  ISSN          = "2041-1723",
  DOI           = "10.1038/s41467-021-21315-z",
  language      = "en"
}

@article{Froemer_Dean_Wolf_Shenhav_2019,
  author        = "Romy Froemer and Carolyn K. Dean Wolf and Amitai Shenhav",
  title         = "Goal congruency dominates reward value in accounting for behavioral and neural correlates of value-based decision-making",
  journal       = "Nature Communications",
  volume        = "10",
  number        = "1",
  month         = oct,
  year          = "2019",
  pages         = "4926",
  ISSN          = "2041-1723",
  DOI           = "10.1038/s41467-019-12931-x",
  language      = "en"
}
